<?xml version="1.0" encoding="UTF-8"?><collection xmlns="http://www.loc.gov/MARC21/slim"><record><leader>00385nam--2200121-i-4500</leader><controlfield tag="001">000025570</controlfield><controlfield tag="002">20161230</controlfield><controlfield tag="005">20161230201036</controlfield><controlfield tag="008">060222s1000------------r-----000-0-eng-d</controlfield><datafield ind1=" " ind2=" " tag="080"><subfield code="a">061.62(047:498):539.1(047:498)</subfield></datafield><datafield ind1=" " ind2=" " tag="245"><subfield code="a">Institute of atomic physics-bucharest. annual report. departament of nuclear physics at low medium energies</subfield></datafield><datafield ind1=" " ind2=" " tag="260"><subfield code="a">Bucharest, Ifa, 1972. 126p</subfield></datafield><datafield ind1=" " ind2=" " tag="852"><subfield code="a">40047</subfield></datafield></record></collection>